@misc{wiki:abc,
   author = "{Wikipedia contributors}",
   title = "Approximate Bayesian computation",
   year = "2020",
   url = "https://en.wikipedia.org/wiki/Approximate_Bayesian_computation",
   note = "(accessed 2020-06-21)"
 }

@ARTICLE{hoggcrazy,
       author = {{Hogg}, David W.},
        title = "{Constraints on Photometric Calibration from Observations of High-Redshift Type Ia Supernovae}",
      journal = {arXiv e-prints},
     keywords = {Astrophysics},
         year = 2000,
        month = jan,
          eid = {astro-ph/0001419},
        pages = {astro-ph/0001419},
archivePrefix = {arXiv},
       eprint = {astro-ph/0001419},
 primaryClass = {astro-ph},
       adsurl = {https://ui.adsabs.harvard.edu/abs/2000astro.ph..1419H},
      adsnote = {Provided by the SAO/NASA Astrophysics Data System},
          url = {https://arxiv.org/abs/astro-ph/0001419}
}

@ARTICLE{fom,
       author = {Albrecht, Andreas and others},
        title = "{Findings of the Joint Dark Energy Mission Figure of Merit Science Working Group}",
      journal = {arXiv e-prints},
     keywords = {Astrophysics - Instrumentation and Methods for Astrophysics},
         year = 2009,
        month = jan,
          eid = {arXiv:0901.0721},
        pages = {arXiv:0901.0721},
archivePrefix = {arXiv},
       eprint = {0901.0721},
 primaryClass = {astro-ph.IM},
       adsurl = {https://ui.adsabs.harvard.edu/abs/2009arXiv0901.0721A},
      adsnote = {Provided by the SAO/NASA Astrophysics Data System},
          url = {https://arxiv.org/abs/0901.0721}
}

@ARTICLE{probcalc,
       author = {{Hogg}, David W.},
        title = "{Data analysis recipes: Probability calculus for inference}",
      journal = {arXiv e-prints},
     keywords = {Physics - Data Analysis, Statistics and Probability, Astrophysics - Instrumentation and Methods for Astrophysics},
         year = 2012,
        month = may,
          eid = {arXiv:1205.4446},
        pages = {arXiv:1205.4446},
archivePrefix = {arXiv},
       eprint = {1205.4446},
 primaryClass = {physics.data-an},
       adsurl = {https://ui.adsabs.harvard.edu/abs/2012arXiv1205.4446H},
      adsnote = {Provided by the SAO/NASA Astrophysics Data System},
          url = {https://arxiv.org/abs/1205.4446}
}

@ARTICLE{straightline,
       author = {{Hogg}, David W. and {Bovy}, Jo and {Lang}, Dustin},
        title = "{Data analysis recipes: Fitting a model to data}",
      journal = {arXiv e-prints},
     keywords = {Astrophysics - Instrumentation and Methods for Astrophysics, Physics - Data Analysis, Statistics and Probability},
         year = 2010,
        month = aug,
          eid = {arXiv:1008.4686},
        pages = {arXiv:1008.4686},
archivePrefix = {arXiv},
       eprint = {1008.4686},
 primaryClass = {astro-ph.IM},
       adsurl = {https://ui.adsabs.harvard.edu/abs/2010arXiv1008.4686H},
      adsnote = {Provided by the SAO/NASA Astrophysics Data System},
          url = {https://arxiv.org/abs/1008.4686}
}

@ARTICLE{gaussianproduct,
       author = {{Hogg}, David W. and {Price-Whelan}, Adrian M. and {Leistedt}, Boris},
        title = "{Data Analysis Recipes: Products of multivariate Gaussians in Bayesian inferences}",
      journal = {arXiv e-prints},
     keywords = {Statistics - Computation, Astrophysics - Instrumentation and Methods for Astrophysics, Physics - Data Analysis, Statistics and Probability},
         year = 2020,
        month = may,
          eid = {arXiv:2005.14199},
        pages = {arXiv:2005.14199},
archivePrefix = {arXiv},
       eprint = {2005.14199},
 primaryClass = {stat.CO},
       adsurl = {https://ui.adsabs.harvard.edu/abs/2020arXiv200514199H},
      adsnote = {Provided by the SAO/NASA Astrophysics Data System},
          url = {https://arxiv.org/abs/2005.14199}
}
